@book{Stallings2013nse,
  author={Stallings, William},
  title={Network security essentials : applications and standards},
  publisher={Pearson Education},
  year={2013},
  edition={5},
  ISBN={978-0-273-79336-6},
  keywords={IT-s{\"a}kerhet Datan{\"a}t Datakommunikation Kryptering},
  note={International Edition}
}

@book{Anderson2008sea,
  author={Anderson, Ross J.},
  title={Security Engineering},
  subtitle={A guide to building dependable distributed systems},
  publisher={Wiley},
  address={Indianapolis, IN},
  year={2008},
  edition={2},
  ISBN={978-0-470-06852-6 (hbk.)},
  URL={http://www.cl.cam.ac.uk/~rja14/book.html},
  keywords={IT-s{\"a}kerhet},
}
