@book{Anderson2008sea,
  author={Anderson, Ross J.},
  title={Security Engineering},
  subtitle={A guide to building dependable distributed systems},
  publisher={Wiley},
  address={Indianapolis, IN},
  year={2008},
  edition={2},
  ISBN={978-0-470-06852-6 (hbk.)},
  URL={http://www.cl.cam.ac.uk/~rja14/book.html},
  keywords={IT-s{\"a}kerhet},
}

@book{Gollmann2011cs,
  author={Gollmann, Dieter},
  title={Computer Security},
  publisher={Wiley},
  address={Chichester, West Sussex, U.K.},
  year={2011},
  edition={3},
  ISBN={9780470741153 (pbk.)},
  keywords={IT-s{\"a}kerhet},
}

@phdthesis{Bonneau2012ghs,
  author={Bonneau, Joseph},
  title={Guessing human-chosen secrets},
  year={2012},
  month={5},
  school={University of Cambridge},
  URL={http://www.cl.cam.ac.uk/~jcb82/doc/2012-jbonneau-phd_thesis.pdf},
}
@inproceedings{Bonneau2012sog,
  author={Bonneau, Joseph},
  title={The science of guessing:
    analyzing an anonymized corpus of 70 million passwords},
  booktitle={{IEEE Symposium on Security and Privacy}},
  year={2012},
  URL={http://www.cl.cam.ac.uk/~jcb82/doc/B12-IEEESP-analyzing_70M_anonymized_passwords.pdf},
}
@inproceedings{Bonneau2012lpo,
  author={Bonneau, Joseph and Shutova, Ekaterina},
  title={Linguistic properties of multi-word passwords},
  booktitle={{USEC}},
  year={2012},
  URL={http://www.cl.cam.ac.uk/~jcb82/doc/BS12-USEC-passphrase_linguistics.pdf},
}

@inproceedings{Komanduri2011opa,
  author={Komanduri, Saranga and
    Shay, Richard and
    Kelley, Patrick Gage and
    Mazurek, Michelle L. and
    Bauer, Lujo and
    Christin Nicolas and
    Cranor, Lorrie Faith and
    Egelman, Serge},
  title={Of passwords and people:
    Measuring the effect of password-composition policies},
  booktitle={CHI},
  year={2011},
  URL={http://cups.cs.cmu.edu/rshay/pubs/passwords_and_people2011.pdf},
}
@inproceedings{Komanduri2014can,
  title={Can long passwords be secure and usable?},
  author={Shay, Richard and
    Komanduri, Saranga and
    Durity, Adam L and
    Huh, Phillip Seyoung and
    Mazurek, Michelle L and
    Segreti, Sean M and
    Ur, Blase and
    Bauer, Lujo and
    Christin, Nicolas and
    Cranor, Lorrie Faith},
  booktitle={Proceedings of the 32nd annual ACM conference on Human factors in 
    computing systems},
  pages={2927--2936},
  year={2014},
  organization={ACM},
  URL={http://lorrie.cranor.org/pubs/longpass-chi2014.pdf},
}

@misc{Eckersley2010apo,
  author={Eckersley, Peter},
  title={A Primer on Information Theory and Privacy},
  year={2010},
  month={1},
  URL={https://www.eff.org/deeplinks/2010/01/primer-information-theory-and-privacy},
}
@inproceedings{Eckersley2010hui,
  author={Eckersley, Peter},
  title={How Unique Is Your Browser?},
  booktitle={Privacy Enhancing Technologies},
  pages={1--18},
  year={2010},
  organization={Springer},
  URL={https://panopticlick.eff.org/browser-uniqueness.pdf},
}
